@book{griffiths2013,
  author    = {Griffiths, David J.},
  title     = {Introduction to electrodynamics; 4th ed.},
  publisher = {Pearson},
  address   = {Boston, MA},
  year      = {2013},
  url       = {https://cds.cern.ch/record/1492149},
  note      = {Re-published by Cambridge University Press in 2017},
  doi       = {1108420419}
}

@article{yee1966,
  author  = {Kane Yee},
  journal = {IEEE Transactions on Antennas and Propagation},
  title   = {Numerical solution of initial boundary value problems involving maxwell's equations in isotropic media},
  year    = {1966},
  volume  = {14},
  number  = {3},
  pages   = {302-307},
  doi     = {10.1109/TAP.1966.1138693}
}

@misc{ufdtd,
  title        = {Understanding the Finite-Difference Time-Domain Method},
  author       = {Schneider, John B.},
  year         = {2010},
  howpublished = {\url{https://eecs.wsu.edu/~schneidj/ufdtd}},
  note         = {Accessed: 2021-08-18}
}
